@inproceedings{RaghuPKGS17,
  author    = {Maithra Raghu and others},
  title     = {On the Expressive Power of Deep Neural Networks},
  booktitle = {34th ICML},
  pages     = {2847--2854},
  year      = {2017}
}
@inproceedings{YangA97,
  author        = {H.H. Yang and Sh. Amari},
  title         = {The efficiency and the robustness of natural gradient descent learning rule},
  booktitle     = {Adv Neural Inf Process Syst 10},
  pages         = {385--391},
  year          = {1997}
}
@article{Cybenko92,
  author    = {G. Cybenko},
  title     = {Approximation by superpositions of a sigmoidal function},
  journal   = {{MCSS}},
  volume    = {5},
  number    = {4},
  pages     = {455},
  year      = {1992}
}
@article{BartlettHLM19,
  author    = {P.L. Bartlett and others},
  title     = {Nearly-tight VC-dimension and Pseudodimension Bounds for Piecewise
               Linear Neural Networks},
  journal   = {Journal of Machine Learning Research},
  volume    = {20},
  pages     = {63:1--63:17},
  year      = {2019}
}
@article{Amari1,
  year          = {1995},
  author        = {Sh. Amari},
  title         = {Information geometry of the {EM} and em algorithms for neural networks},
  journal       = {Neural Networks},
  volume        = {8},
  number        = {9},
  pages         = {1379--1408}
}
@article{FukumizuA00,
  author        = {K. Fukumizu and Sh. Amari},
  title         = {Local minima and plateaus in hierarchical structures of multilayer perceptrons},
  journal       = {Neural Networks},
  year          = {2000},
  volume        = {13},
  number        = {3},
  pages         = {317--327}
}
@inproceedings{Amari2,
  author        = {Sh. Amari},
  title         = {Neural Learning in Structured Parameter Spaces - Natural Riemannian Gradient},
  booktitle     = {Adv Neural Inf Process Syst 9},
  pages         = {127--133},
  year          = {1996}
}
@inproceedings{FutagamiYS19,
  author    = {Rentaro Futagami and
               Noritaka Yamada and
               Takeshi Shibuya},
  title     = {Inferring Underlying Manifold of Data by the Use of Persistent Homology
               Analysis},
  booktitle = {7th International Workshop on Computational Topology in Image Context},
  pages     = {40--53},
  year      = {2019}
}
@inproceedings{HauserR17,
  author        = {M. Hauser and A. Ray},
  title         = {Principles of Riemannian Geometry in Neural Networks},
  booktitle     = {Adv Neural Inf Process Syst 30},
  pages         = {2807--2816},
  year          = {2017}
}
@article{HauserGJR19,
  author        = {M. Hauser and others},
  title         = {State-Space Representations of Deep Neural Networks},
  journal       = {Neural Computation},
  year          = {2019},
  volume        = {31},
  number        = {3}
}
@inproceedings{LinJ18,
  author        = {H. Lin and St. Jegelka},
  title         = {ResNet with one-neuron hidden layers is a Universal Approximator},
  booktitle     = {Adv Neural Inf Process Syst 31},
  pages         = {6172--6181},
  year          = {2018}
}
@inproceedings{Johnson19,
  author        = {J. Johnson},
  title         = {Deep, Skinny Neural Networks are not Universal Approximators},
  booktitle     = {7th International Conference on Learning Representations},
  year          = {2019}
}
@book{lee2013smooth,
  author        = {J.M. Lee},
  title         = {Introduction to smooth manifolds},
  year          = {2013},
  publisher     = {Springer}
}
@book{cartan1952theorie,
  title         = {La th{\'e}orie des groupes finis et continus et l{'}analysis situs},
  author        = {E. Cartan},
  year          = {1952},
  publisher     = {Gauthier{--}Villars}
}
@inproceedings{lume,
  author    = {L. Melodia and
               R. Lenz},
  title     = {Persistent Homology as Stopping-Criterion for Voronoi Interpolation},
  booktitle = {20th International Workshop on Combinatorial Image Analysis},
  year      = {2020},
}
@book{hatcher2002algebraic,
  title         = {Algebraic Topology},
  author        = {A. Hatcher},
  year          = {2002},
  publisher     = {Cambridge University Press}
}
@book{boissonnat2018geometric,
  title         = {Geometric and Topological Inference},
  author        = {J.-D. Boissonnat and others},
  year          = {2018},
  publisher     = {Cambridge University Press}
}
@book{onishchik1993lie,
  title         = {Lie groups and Lie algebras},
  author        = {A.L. Onishchik and others},
  year          = {1993},
  publisher     = {Springer}
}
@article{gruenberg1968universal,
  title         = {The universal coefficient theorem in the cohomology of groups},
  author        = {Gruenberg, KW},
  Journal       = {Journal of the London Mathematical Society},
  volume        = {1},
  number        = {1},
  pages         = {239--241},
  year          = {1968},
  publisher     = {London Mathematical Society}
}
@inproceedings{DinhSB17,
  author        = {L. Dinh and others},
  title         = {Density estimation using Real {NVP}},
  booktitle     = {5th International Conference on Learning Representations},
  year          = {2017}
}
@article{edelsbrunner2008persistent,
  title         = {Persistent homology {--} A Survey},
  author        = {H. Edelsbrunner and J. Harer},
  journal       = {Contemporary mathematics},
  volume        = {453},
  pages         = {257{--}282},
  year          = {2008}
}
@article{ZomorodianC05,
  author    = {A. Zomorodian and
               G.E. Carlsson},
  title     = {Computing Persistent Homology},
  journal   = {Discrete Computational Geometry},
  volume    = {33},
  number    = {2},
  pages     = {249--274},
  year      = {2005}
}
@article{bubenik2015statistical,
  title         = {Statistical topological data analysis using persistence landscapes},
  author        = {P. Bubenik},
  journal       = {Journal of Machine Learning Research},
  volume        = {16},
  pages         = {77--102},
  year          = {2015}
}
@article{fasy2014confidence,
  title         = {Confidence sets for persistence diagrams},
  author        = {B.T. Fasy and others},
  journal       = {The Annals of Statistics},
  year          = {2014},
  volume        = {42},
  number        = {6}
}
@article{BubenikD17,
  author        = {P. Bubenik and P. Dlotko},
  title         = {A persistence landscapes toolbox for topological statistics},
  journal       = {Journal of Symbolic Computation},
  year          = {2017},
  volume        = {78},
  pages         = {91--114}
}
@inproceedings{KingmaB14,
  author        = {D.P. Kingma and J. Ba},
  title         = {Adam: {A} Method for Stochastic Optimization},
  booktitle     = {3rd International Conference on Learning Representations},
  year          = {2015}
}
@misc{chollet2015keras,
  title         = {Keras},
  author        = {F. Chollet and others},
  year          = {2015},
  howpublished  = {\url{https://keras.io}}
}
@misc{tensorflow2015-whitepaper,
  title         = {{TensorFlow}: Large-Scale Machine Learning on Heterogeneous Systems},
  url           = {https://www.tensorflow.org/},
  author        = {Mart\'{\i}n~Abadi and others},
  year          = {2015}
}
@misc{krizhevsky2009learning,
  title         = {Learning multiple layers of features from tiny images},
  author        = {A. Krizhevsky},
  year          = {2009},
  publisher     = {Pennsylvania State University}
}
@book{gudhi:urm,
  title         = "{GUDHI} User and Reference Manual",
  author        = "{The GUDHI Project}",
  publisher     = "{GUDHI Editorial Board}",
  edition       = "{3.1.1}",
  year          = 2020,
  url           = "https://gudhi.inria.fr/doc/3.1.1/"
}
@article{stone1948generalized,
  title={The generalized Weierstrass approximation theorem},
  author={M.H. Stone},
  journal={Mathematics Magazine},
  volume={21},
  number={5},
  pages={237--254},
  year={1948},
  publisher={JSTOR}
}
@inproceedings{CohenGKW18,
  author    = {Taco S. Cohen and others},
  title     = {Spherical CNNs},
  booktitle = {6th International Conference on Learning Representations},
  year      = {2018}
}
@article{EstevesAMD20,
  author    = {Carlos Esteves and others},
  title     = {Learning {SO(3)} Equivariant Representations with Spherical CNNs},
  journal   = {Int. J. Comput. Vis.},
  volume    = {128},
  number    = {3},
  pages     = {588--600},
  year      = {2020}
}
